<record><leader>00000cas a22000007a 4500</leader><controlfield tag="001">26534301</controlfield><controlfield tag="008">920903d189u1898cauwr ne      0    0eng d</controlfield><datafield ind1=" " ind2=" " tag="010"><subfield code="a">sn 92068812 </subfield></datafield><datafield ind1=" " ind2=" " tag="040"><subfield code="a">CUY</subfield><subfield code="b">eng</subfield><subfield code="c">CNK</subfield><subfield code="d">DLC</subfield><subfield code="d">CNK</subfield><subfield code="d">OCLCQ</subfield></datafield><datafield ind1=" " ind2=" " tag="042"><subfield code="a">msc</subfield></datafield><datafield ind1=" " ind2=" " tag="043"><subfield code="a">n-us-ca</subfield></datafield><datafield ind1="0" ind2="0" tag="245"><subfield code="a">Niles weekly herald.</subfield></datafield><datafield ind1=" " ind2=" " tag="260"><subfield code="a">Niles, Alameda County, Cal. :</subfield><subfield code="b">F.C. Vivian</subfield></datafield><datafield ind1=" " ind2=" " tag="300"><subfield code="a">v.</subfield></datafield><datafield ind1=" " ind2=" " tag="310"><subfield code="a">Weekly</subfield></datafield><datafield ind1="1" ind2=" " tag="362"><subfield code="a">Ceased in 1898.</subfield></datafield><datafield ind1=" " ind2=" " tag="588"><subfield code="a">Description based on: Vol. 1, no. 40 (Feb. 5, 1898).</subfield></datafield><datafield ind1=" " ind2="0" tag="651"><subfield code="a">Niles (Fremont, Calif.)</subfield><subfield code="v">Newspapers.</subfield></datafield><datafield ind1=" " ind2=" " tag="752"><subfield code="a">United States</subfield><subfield code="b">California</subfield><subfield code="c">Alameda</subfield><subfield code="d">Fremont.</subfield></datafield><datafield ind1="0" ind2="0" tag="785"><subfield code="t">Niles herald</subfield><subfield code="w">(DLC)sn 95062311</subfield></datafield><datafield ind1="1" ind2=" " tag="029"><subfield code="a">AU@</subfield><subfield code="b">000020707227</subfield></datafield></record>